<?xml version="1.0" encoding="UTF-8"?>
  <record xmlns="http://www.loc.gov/MARC21/slim" type="Authority">
    <leader>00000nz  a2200000nc 4500</leader>
    <controlfield tag="001">121674460</controlfield>
    <controlfield tag="003">DE-101</controlfield>
    <controlfield tag="005">20190712195413.0</controlfield>
    <controlfield tag="008">991228n||aznnnaabn           | aaa    |c</controlfield>
    <datafield tag="024" ind1="7" ind2=" ">
      <subfield code="a">121674460</subfield>
      <subfield code="0">http://d-nb.info/gnd/121674460</subfield>
      <subfield code="2">gnd</subfield>
    </datafield>
    <datafield tag="035" ind1=" " ind2=" ">
      <subfield code="a">(DE-101)121674460</subfield>
    </datafield>
    <datafield tag="035" ind1=" " ind2=" ">
      <subfield code="a">(DE-588)121674460</subfield>
    </datafield>
    <datafield tag="035" ind1=" " ind2=" ">
      <subfield code="z">(DE-588)187870462</subfield>
    </datafield>
    <datafield tag="035" ind1=" " ind2=" ">
      <subfield code="z">(DE-588a)187870462</subfield>
      <subfield code="9">v:zg</subfield>
    </datafield>
    <datafield tag="035" ind1=" " ind2=" ">
      <subfield code="z">(DE-588)15569426X</subfield>
    </datafield>
    <datafield tag="035" ind1=" " ind2=" ">
      <subfield code="z">(DE-588a)15569426X</subfield>
      <subfield code="9">v:zg</subfield>
    </datafield>
    <datafield tag="035" ind1=" " ind2=" ">
      <subfield code="z">(DE-588a)121674460</subfield>
      <subfield code="9">v:zg</subfield>
    </datafield>
    <datafield tag="040" ind1=" " ind2=" ">
      <subfield code="a">DE-12</subfield>
      <subfield code="c">DE-12</subfield>
      <subfield code="9">r:DE-12</subfield>
      <subfield code="b">ger</subfield>
      <subfield code="d">9999</subfield>
    </datafield>
    <datafield tag="042" ind1=" " ind2=" ">
      <subfield code="a">gnd1</subfield>
    </datafield>
    <datafield tag="043" ind1=" " ind2=" ">
      <subfield code="c">XA-DE</subfield>
    </datafield>
    <datafield tag="075" ind1=" " ind2=" ">
      <subfield code="b">p</subfield>
      <subfield code="2">gndgen</subfield>
    </datafield>
    <datafield tag="075" ind1=" " ind2=" ">
      <subfield code="b">piz</subfield>
      <subfield code="2">gndspec</subfield>
    </datafield>
    <datafield tag="079" ind1=" " ind2=" ">
      <subfield code="a">g</subfield>
      <subfield code="q">a</subfield>
      <subfield code="q">f</subfield>
    </datafield>
    <datafield tag="100" ind1="1" ind2=" ">
      <subfield code="a">Jemgumer Closter, Johann Lorenz &#152;von&#156;</subfield>
      <subfield code="d">1676-1761</subfield>
    </datafield>
    <datafield tag="375" ind1=" " ind2=" ">
      <subfield code="a">1</subfield>
      <subfield code="2">iso5218</subfield>
    </datafield>
    <datafield tag="400" ind1="1" ind2=" ">
      <subfield code="a">Jemgumer-Closter, Johann Lorenz &#152;von&#156;</subfield>
      <subfield code="d">1676-1761</subfield>
    </datafield>
    <datafield tag="400" ind1="1" ind2=" ">
      <subfield code="a">Jemgumercloster, Johannes Laurentius &#152;von&#156;</subfield>
      <subfield code="d">1676-1761</subfield>
    </datafield>
    <datafield tag="400" ind1="1" ind2=" ">
      <subfield code="a">Jemgumer Closter, Jo. Laurent. &#152;vom&#156;</subfield>
      <subfield code="d">1676-1761</subfield>
    </datafield>
    <datafield tag="400" ind1="1" ind2=" ">
      <subfield code="a">Vom Jemgumer Closter, Jo. Laurent.</subfield>
      <subfield code="d">1676-1761</subfield>
    </datafield>
    <datafield tag="400" ind1="1" ind2=" ">
      <subfield code="a">Closter, Johann Lorenz von Jemgumer</subfield>
      <subfield code="d">1676-1761</subfield>
    </datafield>
    <datafield tag="400" ind1="1" ind2=" ">
      <subfield code="a">Jemgumer Closter, Johannes Lorenz &#152;von&#156;</subfield>
      <subfield code="d">1676-1761</subfield>
    </datafield>
    <datafield tag="400" ind1="1" ind2=" ">
      <subfield code="a">Closter, Johannes Lorenz von Jemgumer</subfield>
      <subfield code="d">1676-1761</subfield>
    </datafield>
    <datafield tag="400" ind1="1" ind2=" ">
      <subfield code="a">Jemgumer-Closter, Johannes Lorenz &#152;von&#156;</subfield>
      <subfield code="d">1676-1761</subfield>
    </datafield>
    <datafield tag="400" ind1="1" ind2=" ">
      <subfield code="a">Jemgumer Closter, Jo. Laurentius &#152;von&#156;</subfield>
      <subfield code="d">1676-1761</subfield>
    </datafield>
    <datafield tag="400" ind1="1" ind2=" ">
      <subfield code="a">Jemgumer Closter, Joannes Laurentius &#152;von&#156;</subfield>
      <subfield code="d">1676-1761</subfield>
    </datafield>
    <datafield tag="400" ind1="1" ind2=" ">
      <subfield code="a">Jemgumer Closter, Johannes Laurentius &#152;von&#156;</subfield>
      <subfield code="d">1676-1761</subfield>
    </datafield>
    <datafield tag="400" ind1="1" ind2=" ">
      <subfield code="a">Jemgumer Closter, Johann Lorentz &#152;von&#156;</subfield>
      <subfield code="d">1676-1761</subfield>
    </datafield>
    <datafield tag="400" ind1="1" ind2=" ">
      <subfield code="a">Iemgumer Closter, Johannes Laurentius &#152;von&#156;</subfield>
      <subfield code="d">1676-1761</subfield>
    </datafield>
    <datafield tag="400" ind1="1" ind2=" ">
      <subfield code="a">Iemgumer Closter, Jo. Laurentius &#152;von&#156;</subfield>
      <subfield code="d">1676-1761</subfield>
    </datafield>
    <datafield tag="400" ind1="1" ind2=" ">
      <subfield code="a">Iemgumer Closter, Johann Lorenz &#152;von&#156;</subfield>
      <subfield code="d">1676-1761</subfield>
    </datafield>
    <datafield tag="400" ind1="1" ind2=" ">
      <subfield code="a">Iemgumer Closter, Johannes Lorenz &#152;von&#156;</subfield>
      <subfield code="d">1676-1761</subfield>
    </datafield>
    <datafield tag="400" ind1="1" ind2=" ">
      <subfield code="a">Iemgumer-Closter, Johann Lorenz &#152;von&#156;</subfield>
      <subfield code="d">1676-1761</subfield>
    </datafield>
    <datafield tag="400" ind1="1" ind2=" ">
      <subfield code="a">Closter, Johann Lorenz von Iemgumer</subfield>
      <subfield code="d">1676-1761</subfield>
    </datafield>
    <datafield tag="400" ind1="1" ind2=" ">
      <subfield code="a">Closter, Johannes Lorenz von Iemgumer</subfield>
      <subfield code="d">1676-1761</subfield>
    </datafield>
    <datafield tag="400" ind1="1" ind2=" ">
      <subfield code="a">Closter, Johannes Laurentius von Iemgumer</subfield>
      <subfield code="d">1676-1761</subfield>
    </datafield>
    <datafield tag="400" ind1="1" ind2=" ">
      <subfield code="a">Closter, Jo. Laurentius von Iemgumer</subfield>
      <subfield code="d">1676-1761</subfield>
    </datafield>
    <datafield tag="400" ind1="1" ind2=" ">
      <subfield code="a">Jemqumer Closter, Johann L. &#152;von&#156;</subfield>
      <subfield code="d">1676-1761</subfield>
      <subfield code="9">v:Falsche Namensform</subfield>
    </datafield>
    <datafield tag="500" ind1="1" ind2=" ">
      <subfield code="0">(DE-101)132206765</subfield>
      <subfield code="0">(DE-588)132206765</subfield>
      <subfield code="0">https://d-nb.info/gnd/132206765</subfield>
      <subfield code="a">Jemgumer Closter, Catharina Magdalena &#152;von&#156;</subfield>
      <subfield code="d">1681-1749</subfield>
      <subfield code="4">bezf</subfield>
      <subfield code="4">https://d-nb.info/standards/elementset/gnd#familialRelationship</subfield>
      <subfield code="w">r</subfield>
      <subfield code="i">Beziehung familiaer</subfield>
      <subfield code="e">Beziehung familiaer</subfield>
      <subfield code="9">v:Ehefrau</subfield>
    </datafield>
    <datafield tag="500" ind1="1" ind2=" ">
      <subfield code="0">(DE-101)1015005500</subfield>
      <subfield code="0">(DE-588)1015005500</subfield>
      <subfield code="0">https://d-nb.info/gnd/1015005500</subfield>
      <subfield code="a">Jemgumer Closter, Friedrich Lorenz &#152;von&#156;</subfield>
      <subfield code="d">1703-1751</subfield>
      <subfield code="4">bezf</subfield>
      <subfield code="4">https://d-nb.info/standards/elementset/gnd#familialRelationship</subfield>
      <subfield code="w">r</subfield>
      <subfield code="i">Beziehung familiaer</subfield>
      <subfield code="e">Beziehung familiaer</subfield>
      <subfield code="9">v:Sohn</subfield>
    </datafield>
    <datafield tag="548" ind1=" " ind2=" ">
      <subfield code="a">1676-1761</subfield>
      <subfield code="4">datl</subfield>
      <subfield code="4">https://d-nb.info/standards/elementset/gnd#dateOfBirthAndDeath</subfield>
      <subfield code="w">r</subfield>
      <subfield code="i">Lebensdaten</subfield>
    </datafield>
    <datafield tag="548" ind1=" " ind2=" ">
      <subfield code="a">07.05.1676-XX.XX.1761</subfield>
      <subfield code="4">datx</subfield>
      <subfield code="4">https://d-nb.info/standards/elementset/gnd#dateOfBirthAndDeath</subfield>
      <subfield code="w">r</subfield>
      <subfield code="i">Exakte Lebensdaten</subfield>
    </datafield>
    <datafield tag="548" ind1=" " ind2=" ">
      <subfield code="a">1698-1748</subfield>
      <subfield code="4">datw</subfield>
      <subfield code="4">https://d-nb.info/standards/elementset/gnd#periodOfActivity</subfield>
      <subfield code="w">r</subfield>
      <subfield code="i">Wirkungsdaten</subfield>
    </datafield>
    <datafield tag="550" ind1=" " ind2=" ">
      <subfield code="0">(DE-101)040290506</subfield>
      <subfield code="0">(DE-588)4029050-5</subfield>
      <subfield code="0">https://d-nb.info/gnd/4029050-5</subfield>
      <subfield code="a">Jurist</subfield>
      <subfield code="4">berc</subfield>
      <subfield code="4">https://d-nb.info/standards/elementset/gnd#professionOrOccupation</subfield>
      <subfield code="w">r</subfield>
      <subfield code="i">Charakteristischer Beruf</subfield>
    </datafield>
    <datafield tag="551" ind1=" " ind2=" ">
      <subfield code="0">(DE-101)04053684X</subfield>
      <subfield code="0">(DE-588)4053684-1</subfield>
      <subfield code="0">https://d-nb.info/gnd/4053684-1</subfield>
      <subfield code="a">Schwäbisch Hall</subfield>
      <subfield code="4">ortg</subfield>
      <subfield code="4">https://d-nb.info/standards/elementset/gnd#placeOfBirth</subfield>
      <subfield code="w">r</subfield>
      <subfield code="i">Geburtsort</subfield>
    </datafield>
    <datafield tag="667" ind1=" " ind2=" ">
      <subfield code="a">384</subfield>
    </datafield>
    <datafield tag="667" ind1=" " ind2=" ">
      <subfield code="a">VD-17</subfield>
    </datafield>
    <datafield tag="670" ind1=" " ind2=" ">
      <subfield code="a">Faber, Ferdinand Friedrich: Württemberg. Familienstiftungen 8, § 191b</subfield>
    </datafield>
    <datafield tag="672" ind1=" " ind2="0">
      <subfield code="a">Stryk, Samuel: Disputatio Iuridica De Praesumptione Pro Magistratu. - 1698</subfield>
    </datafield>
    <datafield tag="672" ind1=" " ind2="0">
      <subfield code="a">Stryk, Johann Samuel: De clausula salutari libellorum. - 1701</subfield>
    </datafield>
    <datafield tag="672" ind1=" " ind2="0">
      <subfield code="a">Zu dem gedoppelten Amts- und Ehe-Jubel-Fest, welches der Hoch-Edelgebohrne Herr, Herr Johann Lorenz von Jemgumer Closter I.U.D. in dieser des H. Reichs-Stadt Schw. Hall ... Städtmeister ..., an seinem, den 7. Maji, An. 1748 glücklich erlebten Geburts-Tag ... - 1748</subfield>
    </datafield>
    <datafield tag="678" ind1=" " ind2=" ">
      <subfield code="b">Dt. Jurist; Ratsherr und Stättmeister in Schwäbisch Hall</subfield>
    </datafield>
    <datafield tag="913" ind1=" " ind2=" ">
      <subfield code="S">pnd</subfield>
      <subfield code="i">a</subfield>
      <subfield code="a">Jemgumer Closter, Johann Lorenz /von</subfield>
      <subfield code="0">(DE-588a)121674460</subfield>
    </datafield>
    <datafield tag="913" ind1=" " ind2=" ">
      <subfield code="S">pnd</subfield>
      <subfield code="i">a</subfield>
      <subfield code="a">Jemqumer Closter, Johann L. /von</subfield>
      <subfield code="0">(DE-588a)15569426X</subfield>
    </datafield>
    <datafield tag="913" ind1=" " ind2=" ">
      <subfield code="S">pnd</subfield>
      <subfield code="i">a</subfield>
      <subfield code="a">Jemgumer Closter, Johannes L. /von</subfield>
      <subfield code="0">(DE-588a)187870462</subfield>
    </datafield>
  </record>
